<record><leader>00000cas a22000007a 4500</leader><controlfield tag="001">15075931</controlfield><controlfield tag="008">870115d18781882msuwr ne      0    0eng d</controlfield><datafield ind1=" " ind2=" " tag="010"><subfield code="a">sn 87065049 </subfield></datafield><datafield ind1=" " ind2=" " tag="040"><subfield code="a">MJA</subfield><subfield code="b">eng</subfield><subfield code="c">MJA</subfield><subfield code="d">MSJ</subfield><subfield code="d">NVK</subfield><subfield code="d">OCLCQ</subfield><subfield code="d">OCLCF</subfield><subfield code="d">OCLCO</subfield></datafield><datafield ind1="1" ind2=" " tag="029"><subfield code="a">AU@</subfield><subfield code="b">000025787035</subfield></datafield><datafield ind1=" " ind2=" " tag="042"><subfield code="a">msc</subfield></datafield><datafield ind1=" " ind2=" " tag="043"><subfield code="a">n-us-ms</subfield></datafield><datafield ind1="0" ind2=" " tag="130"><subfield code="a">Crystal Springs monitor (Crystal Springs, Miss. : 1878)</subfield></datafield><datafield ind1="1" ind2="0" tag="245"><subfield code="a">Crystal Springs monitor.</subfield></datafield><datafield ind1="3" ind2="0" tag="246"><subfield code="a">Copiah monitor</subfield></datafield><datafield ind1=" " ind2=" " tag="260"><subfield code="a">Crystal Springs, Miss. :</subfield><subfield code="b">A. Hunter and E.D. Elliott</subfield></datafield><datafield ind1=" " ind2=" " tag="310"><subfield code="a">Weekly</subfield></datafield><datafield ind1="1" ind2=" " tag="362"><subfield code="a">Began in 1878; ceased in 1882.</subfield></datafield><datafield ind1=" " ind2=" " tag="500"><subfield code="a">Published as: Copiah monitor, Aug. 28, 1879-&lt;July 1880&gt;.</subfield></datafield><datafield ind1=" " ind2=" " tag="530"><subfield code="a">Available on microfilm from Bell &amp; Howell.</subfield></datafield><datafield ind1=" " ind2=" " tag="588"><subfield code="a">Description based on: Vol. 7, no. 25 (Dec. 12, 1878).</subfield></datafield><datafield ind1=" " ind2="0" tag="651"><subfield code="a">Crystal Springs (Miss.)</subfield><subfield code="v">Newspapers.</subfield></datafield><datafield ind1=" " ind2="7" tag="655"><subfield code="a">Newspapers.</subfield><subfield code="2">fast</subfield><subfield code="0">(OCoLC)fst01423814</subfield></datafield><datafield ind1=" " ind2="7" tag="651"><subfield code="a">Mississippi</subfield><subfield code="z">Crystal Springs.</subfield><subfield code="2">fast</subfield><subfield code="0">(OCoLC)fst01219301</subfield></datafield><datafield ind1=" " ind2=" " tag="752"><subfield code="a">United States</subfield><subfield code="b">Mississippi</subfield><subfield code="c">Copiah</subfield><subfield code="d">Crystal Springs.</subfield></datafield><datafield ind1="0" ind2="0" tag="780"><subfield code="t">Monitor (Crystal Springs, Miss.)</subfield><subfield code="w">(DLC)sn 86053978</subfield></datafield></record>